{
  "leader": "08522cam a22006251i 4500",
  "fields": [
    {
      "001": "ocm00276231\\"
    },
    {
      "003": "OCoLC"
    },
    {
      "005": "20220106161832.0"
    },
    {
      "008": "730508s1956\\\\\\\\iluab\\\\\\\\b\\\\\\\\101\\0\\eng\\\\"
    },
    {
      "010": {
        "ind1": "\\",
        "ind2": "\\",
        "subfields": [
          {
            "a": "   56005865 "
          }
        ]
      }
    },
    {
      "040": {
        "ind1": "\\",
        "ind2": "\\",
        "subfields": [
          {
            "a": "DLC"
          },
          {
            "b": "eng"
          },
          {
            "c": "DLC"
          },
          {
            "d": "MCL"
          },
          {
            "d": "UKM"
          },
          {
            "d": "NLM"
          },
          {
            "d": "OCLCQ"
          },
          {
            "d": "MUQ"
          },
          {
            "d": "BUF"
          },
          {
            "d": "BAKER"
          },
          {
            "d": "NLGGC"
          },
          {
            "d": "AGL"
          },
          {
            "d": "BTCTA"
          },
          {
            "d": "OCLCG"
          },
          {
            "d": "STF"
          },
          {
            "d": "CRU"
          },
          {
            "d": "LTU"
          },
          {
            "d": "OG#"
          },
          {
            "d": "TULIB"
          },
          {
            "d": "BDX"
          },
          {
            "d": "OCLCO"
          },
          {
            "d": "OCLCF"
          },
          {
            "d": "OCLCQ"
          },
          {
            "d": "OCLCO"
          },
          {
            "d": "MNY"
          },
          {
            "d": "OCL"
          },
          {
            "d": "OCLCO"
          },
          {
            "d": "OCLCQ"
          },
          {
            "d": "OCLCO"
          },
          {
            "d": "OCLCQ"
          },
          {
            "d": "MDAVP"
          },
          {
            "d": "CNUTO"
          },
          {
            "d": "OCLCO"
          },
          {
            "d": "NLC"
          },
          {
            "d": "DHA"
          },
          {
            "d": "OCLCA"
          },
          {
            "d": "UEJ"
          },
          {
            "d": "OCLCQ"
          },
          {
            "d": "GILDS"
          },
          {
            "d": "TYC"
          },
          {
            "d": "OCLCQ"
          },
          {
            "d": "ZAP"
          },
          {
            "d": "OCLCQ"
          },
          {
            "d": "CPO"
          },
          {
            "d": "SNN"
          },
          {
            "d": "JDP"
          },
          {
            "d": "OCLCQ"
          },
          {
            "d": "OCLCO"
          },
          {
            "d": "OCLCQ"
          },
          {
            "d": "BGAUB"
          },
          {
            "d": "UKMGB"
          },
          {
            "d": "SOC"
          },
          {
            "d": "GZW"
          },
          {
            "d": "OCLCQ"
          },
          {
            "d": "OCLCA"
          },
          {
            "d": "OCLCQ"
          },
          {
            "d": "UOO"
          },
          {
            "d": "OCLCQ"
          },
          {
            "d": "CNCCA"
          },
          {
            "d": "OCLCO"
          }
        ]
      }
    },
    {
      "016": {
        "ind1": "\\",
        "ind2": "\\",
        "subfields": [
          {
            "a": "(AMICUS)000001215888"
          }
        ]
      }
    },
    {
      "016": {
        "ind1": "7",
        "ind2": "\\",
        "subfields": [
          {
            "a": "CAT10964520"
          },
          {
            "2": "DNAL"
          }
        ]
      }
    },
    {
      "016": {
        "ind1": "7",
        "ind2": "\\",
        "subfields": [
          {
            "a": "0247712"
          },
          {
            "2": "DNLM"
          }
        ]
      }
    },
    {
      "016": {
        "ind1": "7",
        "ind2": "\\",
        "subfields": [
          {
            "a": "009651955"
          },
          {
            "2": "Uk"
          }
        ]
      }
    },
    {
      "019": {
        "ind1": "\\",
        "ind2": "\\",
        "subfields": [
          {
            "a": "16507395"
          },
          {
            "a": "38231024"
          },
          {
            "a": "223365671"
          },
          {
            "a": "977873762"
          },
          {
            "a": "1001001565"
          },
          {
            "a": "1023589082"
          },
          {
            "a": "1167607368"
          },
          {
            "a": "1277099671"
          }
        ]
      }
    },
    {
      "020": {
        "ind1": "\\",
        "ind2": "\\",
        "subfields": [
          {
            "a": "0226796043"
          }
        ]
      }
    },
    {
      "020": {
        "ind1": "\\",
        "ind2": "\\",
        "subfields": [
          {
            "a": "9780226796048"
          }
        ]
      }
    },
    {
      "020": {
        "ind1": "\\",
        "ind2": "\\",
        "subfields": [
          {
            "a": "0226796051"
          }
        ]
      }
    },
    {
      "020": {
        "ind1": "\\",
        "ind2": "\\",
        "subfields": [
          {
            "a": "9780226796055"
          }
        ]
      }
    },
    {
      "020": {
        "ind1": "\\",
        "ind2": "\\",
        "subfields": [
          {
            "a": "0226796035"
          }
        ]
      }
    },
    {
      "020": {
        "ind1": "\\",
        "ind2": "\\",
        "subfields": [
          {
            "a": "9780226796031"
          }
        ]
      }
    },
    {
      "035": {
        "ind1": "\\",
        "ind2": "\\",
        "subfields": [
          {
            "a": "(OCoLC)276231"
          },
          {
            "z": "(OCoLC)16507395"
          },
          {
            "z": "(OCoLC)38231024"
          },
          {
            "z": "(OCoLC)223365671"
          },
          {
            "z": "(OCoLC)977873762"
          },
          {
            "z": "(OCoLC)1001001565"
          },
          {
            "z": "(OCoLC)1023589082"
          },
          {
            "z": "(OCoLC)1167607368"
          },
          {
            "z": "(OCoLC)1277099671"
          }
        ]
      }
    },
    {
      "050": {
        "ind1": "0",
        "ind2": "0",
        "subfields": [
          {
            "a": "G56"
          },
          {
            "b": ".I63 1955"
          }
        ]
      }
    },
    {
      "050": {
        "ind1": "1",
        "ind2": "4",
        "subfields": [
          {
            "a": "GF31"
          },
          {
            "b": ".I57 1955"
          }
        ]
      }
    },
    {
      "055": {
        "ind1": "\\",
        "ind2": "3",
        "subfields": [
          {
            "a": "g 56"
          },
          {
            "b": "i5"
          }
        ]
      }
    },
    {
      "060": {
        "ind1": "0",
        "ind2": "0",
        "subfields": [
          {
            "a": "HC 55"
          },
          {
            "b": "I61m 1955"
          }
        ]
      }
    },
    {
      "070": {
        "ind1": "0",
        "ind2": "\\",
        "subfields": [
          {
            "a": "278.9"
          },
          {
            "b": "In8"
          }
        ]
      }
    },
    {
      "072": {
        "ind1": "\\",
        "ind2": "7",
        "subfields": [
          {
            "a": "B100"
          }
        ]
      }
    },
    {
      "082": {
        "ind1": "0",
        "ind2": "0",
        "subfields": [
          {
            "a": "304.2"
          },
          {
            "b": "INT"
          }
        ]
      }
    },
    {
      "111": {
        "ind1": "2",
        "ind2": "\\",
        "subfields": [
          {
            "a": "International Symposium on Man's Role in Changing the Face of the Earth"
          },
          {
            "d": "(1955 :"
          },
          {
            "c": "Princeton, N.J.)"
          }
        ]
      }
    },
    {
      "245": {
        "ind1": "1",
        "ind2": "0",
        "subfields": [
          {
            "a": "Man's role in changing the face of the earth /"
          },
          {
            "c": "edited by William L. Thomas, with the collaboration of Carl O. Sauer, Marston Bates [and] Lewis Mumford."
          }
        ]
      }
    },
    {
      "260": {
        "ind1": "\\",
        "ind2": "\\",
        "subfields": [
          {
            "a": "Chicago :"
          },
          {
            "b": "Published for the Wenner-Gren Foundation for Anthropological Research and the National Science Foundation by the University of Chicago Press,"
          },
          {
            "c": "[1956]"
          }
        ]
      }
    },
    {
      "300": {
        "ind1": "\\",
        "ind2": "\\",
        "subfields": [
          {
            "a": "xxxviii, 1193 pages :"
          },
          {
            "b": "illustrations, maps (some folded, color on lining papers) ;"
          },
          {
            "c": "25 cm"
          }
        ]
      }
    },
    {
      "336": {
        "ind1": "\\",
        "ind2": "\\",
        "subfields": [
          {
            "a": "text"
          },
          {
            "b": "txt"
          },
          {
            "2": "rdacontent"
          }
        ]
      }
    },
    {
      "337": {
        "ind1": "\\",
        "ind2": "\\",
        "subfields": [
          {
            "a": "unmediated"
          },
          {
            "b": "n"
          },
          {
            "2": "rdamedia"
          }
        ]
      }
    },
    {
      "338": {
        "ind1": "\\",
        "ind2": "\\",
        "subfields": [
          {
            "a": "volume"
          },
          {
            "b": "nc"
          },
          {
            "2": "rdacarrier"
          }
        ]
      }
    },
    {
      "504": {
        "ind1": "\\",
        "ind2": "\\",
        "subfields": [
          {
            "a": "Includes bibliographical references and indexes."
          }
        ]
      }
    },
    {
      "505": {
        "ind1": "0",
        "ind2": "\\",
        "subfields": [
          {
            "a": "Part I. Retrospect -- [Section 1.1] Man's tenure of the earth -- The agency of man on the earth / Carl O. Sauer -- Changing ideas of the habitable world / Clarence J. Glacken -- Cultural differences in the interpretation of natural resources / Alexander Spoehr -- The antiquity and world expansion of human culture / Pierre Teilhard de Chardin -- [Section 1.2] Through the corridors of time -- Fire as the first great force employed by man / Omer C. Stewart -- Early food-producing populations / Karl J. Narr -- The hydraulic civilizations / Karl A. Wittfogel -- Effects of classical antiquity on the land / Fritz M. Heichelheim -- The clearing of the woodland in Europe / H.C. Darby -- The ecology of peasant life in western Europe / E. Estyn Evans -- The quality of peasant living in central Europe / Gottfried Pfeifer -- On the role of nature and man in changing the face of the dry belt of Asia / Hermann von Wissmann et al. -- Changes in climate, vegetation, and human adjustment in the Saharo-Arabian belt, with special reference to Africa / Soliman Huzayyin -- Introduction to the subsistence economy of India / E.K. Janaki Ammal -- The quality of land use of tropical cultivators / Pierre Gourou -- The grassland of North America: its occupance and the challenge of continuous reappraisals / James C. Malin -- The age of fossil fuels / Eugene Ayres -- The natural history of urbanization / Lewis Mumford -- [Section 1.3] Symposium discussion: retrospect -- Man's tenure of the earth -- Subsistence economics -- Commercial economics -- Industrial revolution and urban dominance -- Part II. Process -- [Section 2.1] Introductory -- Environmental changes through forces independent of man / Richard J. Russell -- The processes of environmental change by man / Paul B. Sears -- [Section 2.2] Man's effects on the seas and waters of the land -- Harvests of the seas / Michael Graham -- Influences of man upon coast lines / John H. Davis -- Man's ports and channels / Lester E. Klimm -- Changes in quantities and qualities of ground and surface waters / Harold E. Thomas -- [Section 2.3] Modification of rural microclimates / C.W. Thornthwaite -- The climate of towns / H.E. Landsberg -- Artificially induced precipitation and its potentialities / Vincent J. Schaefer -- [Section 2.4] Slope and soil changes through human use -- The nature of induced erosion and aggradation / Arthur N. Strahler -- Land use and sediment yield / Luna B. Leopold -- Physical, chemical, and biochemical changes in the soil community / William A. Albrecht -- [Section 2.5] Modifications of biotic communities -- The re-creative power of plant communities / Edward H. Graham -- Fire, primitive agriculture, and grazing in the tropics / H.H. Bartlett -- The modification of mid-latitude grasslands and forests by man / John T. Curtis -- The impact of exotic invasion on the remaining New World mid-latitude grasslands / Andrew H. Clark -- Man as a maker of new plants and new plant communities / Edgar Anderson -- Man's ecological dominance through domesticated animals on wild lands / F. Fraser Darling -- Man as an agent in the spread of organisms / Marston Bates -- [Section 2.6] Ecology of wastes -- Disposal of man's wastes / Abel Wolman -- Sanitation practices and disease control in extending and improving areas for human habitation / A. Leslie Banks and J.A. Hislop -- Effects of fission material on air, soil, and living species / John C. Bugher -- [Section 2.7] Urban-industrial demands upon the land -- Man's selective attack on ores and minerals / Donald H. McLaughlin -- The role of transportation and the bases for interaction / Edward L. Ullman -- The pressure of residential-industrial land use / Chauncy D. Harris -- Recreational land use / Artur Glikson -- Symposium discussion: process -- Changes in physical phenomena -- Changes in biological communities -- Techniques of learning: their limitations and fit -- Part III. Prospect -- [Section 3.1] The time scale in human affairs / Charles G. Darwin -- The spiral of population / Warren S. Thompson -- Possible limits of raw-material consumption / Samuel H. Ordway, Jr. -- Limitations to energy use / Charles A. Scarlott -- Technological denudation / Harrison Brown -- [Section 3.2] The role of man -- Influence of man upon nature, the Russian view: a case study / Albert E. Burke -- Man's relation to the earth in its bearing on his aesthetic, ethical, and legal values / F.S.C. Northrop -- [Section 3.3] Symposium discussion: prospect -- Limits of the earth: materials and ideas -- Man's self-transformation -- The unstable equilibrium of man in nature -- Part IV. Summary remarks -- Retrospect / Carl O. Sauer -- Process / Marston Bates -- Prospect / Lewis Mumford."
          }
        ]
      }
    },
    {
      "508": {
        "ind1": "\\",
        "ind2": "\\",
        "subfields": [
          {
            "a": "Published for the Wenner-Gren Foundation for Anthropological Research and the National Science Foundation."
          }
        ]
      }
    },
    {
      "520": {
        "ind1": "\\",
        "ind2": "\\",
        "subfields": [
          {
            "a": "\"Man's role in changing the face of the earth is the first large-scale evaluation of what has happened and what is happening to the earth under man's impress. Presented at an international symposium organized by the Werner-Gren Foundation for Anthropological Research and held at Princeton in June 1955, these papers focus viewpoints from nearly all fields of knowledge upon man's capacity to transform his physical-biological environment and upon his cumulative and irreversible alterations of the earth. In these pages fifty-three contributing scholars provide important insights into a pioneer field of study\"--Jacket flap."
          }
        ]
      }
    },
    {
      "583": {
        "ind1": "\\",
        "ind2": "\\",
        "subfields": [
          {
            "a": "commitment to retain"
          },
          {
            "c": "20151208"
          },
          {
            "2": "pda"
          },
          {
            "5": "OTUTLD"
          }
        ]
      }
    },
    {
      "650": {
        "ind1": "\\",
        "ind2": "0",
        "subfields": [
          {
            "a": "Human geography"
          },
          {
            "v": "Congresses."
          }
        ]
      }
    },
    {
      "650": {
        "ind1": "\\",
        "ind2": "7",
        "subfields": [
          {
            "a": "Human geography."
          },
          {
            "2": "fast"
          },
          {
            "0": "(OCoLC)fst00963107"
          }
        ]
      }
    },
    {
      "650": {
        "ind1": "\\",
        "ind2": "2",
        "subfields": [
          {
            "a": "Anthropology"
          }
        ]
      }
    },
    {
      "650": {
        "ind1": "\\",
        "ind2": "2",
        "subfields": [
          {
            "a": "Economics"
          }
        ]
      }
    },
    {
      "650": {
        "ind1": "\\",
        "ind2": "2",
        "subfields": [
          {
            "a": "Environment"
          }
        ]
      }
    },
    {
      "655": {
        "ind1": "\\",
        "ind2": "7",
        "subfields": [
          {
            "a": "Conference papers and proceedings."
          },
          {
            "2": "fast"
          },
          {
            "0": "(OCoLC)fst01423772"
          }
        ]
      }
    },
    {
      "655": {
        "ind1": "\\",
        "ind2": "7",
        "subfields": [
          {
            "a": "Conference papers and proceedings."
          },
          {
            "2": "lcgft"
          }
        ]
      }
    },
    {
      "655": {
        "ind1": "\\",
        "ind2": "2",
        "subfields": [
          {
            "a": "Congress"
          }
        ]
      }
    },
    {
      "700": {
        "ind1": "1",
        "ind2": "\\",
        "subfields": [
          {
            "a": "Thomas, William Leroy,"
          },
          {
            "d": "1920-"
          },
          {
            "e": "editor."
          }
        ]
      }
    },
    {
      "776": {
        "ind1": "0",
        "ind2": "8",
        "subfields": [
          {
            "i": "Online version:"
          },
          {
            "a": "International Symposium on Man's Role in Changing the Face of the Earth (1955 : Princeton, N.J.)."
          },
          {
            "t": "Man's role in changing the face of the earth."
          },
          {
            "d": "Chicago, Published for the Wenner-Gren Foundation for Anthropological Research and the National Science Foundation by the University of Chicago Press [1956]"
          },
          {
            "w": "(OCoLC)645686534"
          }
        ]
      }
    },
    {
      "994": {
        "ind1": "\\",
        "ind2": "\\",
        "subfields": [
          {
            "a": "Z0"
          },
          {
            "b": "NYRVC"
          }
        ]
      }
    },
    {
      "948": {
        "ind1": "\\",
        "ind2": "\\",
        "subfields": [
          {
            "h": "NO HOLDINGS IN NYRVC - 1250 OTHER HOLDINGS"
          }
        ]
      }
    },
    {
      "999": {
        "ind1": "\\",
        "ind2": "\\",
        "subfields": [
          {
            "a": "00000000014874"
          }
        ]
      }
    }
  ]
}